


@article{kermack1927contribution,
  title={A contribution to the mathematical theory of epidemics},
  author={Kermack, William Ogilvy and McKendrick, Anderson G},
  journal={Proceedings of the royal society of london. Series A, Containing papers of a mathematical and physical character},
  volume={115},
  number={772},
  pages={700--721},
  year={1927},
  publisher={The Royal Society London}
}

@book{ma2009mathematical,
	title={Mathematical understanding of infectious disease dynamics},
	author={Ma, Stefan and Xia, Yingcun},
	volume={16},
	year={2009},
	publisher={World Scientific}
}

@article{bermejo2016epidemiologia,
  title={Epidemiolog{\'\i}a y salud p{\'u}blica en Cuba: estrategia en el control de enfermedades},
  author={Bermejo, Pedro M{\'a}s},
  journal={Revista Cubana de Salud P{\'u}blica},
  volume={42},
  number={2},
  pages={180--182},
  year={2016}
}

@article{bernoulli2023essai,
  title={Essai d'une nouvelle analyse de la mortalit{\'e} caus{\'e}e par la petite v{\'e}role, et des avantages de l'inoculation pour la pr{\'e}venir},
  author={Bernoulli, Daniel and Chapelle, Dominique},
  year={2023}
}

@book{hamer1906epidemic,
  title={Epidemic disease in England: the evidence of variability and of persistency of type},
  author={Hamer, William Heaton},
  year={1906},
  publisher={Bedford Press}
}

@book{trudeau2013introduction,
	title={Introduction to graph theory},
	author={Trudeau, Richard J},
	year={2013},
	publisher={Courier Corporation}
}

@article{sattenspiel1995structured,
  title={A structured epidemic model incorporating geographic mobility among regions},
  author={Sattenspiel, Lisa and Dietz, Klaus},
  journal={Mathematical biosciences},
  volume={128},
  number={1-2},
  pages={71--91},
  year={1995},
  publisher={Elsevier}
}

@article{cosner2009effects,
  title={The effects of human movement on the persistence of vector-borne diseases},
  author={Cosner, Chris and Beier, John C and Cantrell, Robert Stephen and Impoinvil, D and Kapitanski, Lev and Potts, Matthew David and Troyo, A and Ruan, Shigui},
  journal={Journal of theoretical biology},
  volume={258},
  number={4},
  pages={550--560},
  year={2009},
  publisher={Elsevier}
}

@article{citron2021comparing,
  title={Comparing metapopulation dynamics of infectious diseases under different models of human movement},
  author={Citron, Daniel T and Guerra, Carlos A and Dolgert, Andrew J and Wu, Sean L and Henry, John M and S{\'a}nchez C, H{\'e}ctor M and Smith, David L},
  journal={Proceedings of the National Academy of Sciences},
  volume={118},
  number={18},
  pages={e2007488118},
  year={2021},
  publisher={National Acad Sciences}
}

@misc{abeltesis,
	title={Difusión de epidemias sobre redes empleando movimiento lagrangiano},
	author={Abel Antonio Cruz Suárez},
	year={Noviembre 2022},
	advisors = {Dr. Angela M. León Mecías, Dr. José A. Mesejo Chiong},
	university= {Universidad de La Habana},
	type={Tesis de Diploma}
}

@article{cepal2021prolongacion,
	title={La prolongaci{\'o}n de la crisis sanitaria y su impacto en la salud, la econom{\'\i}a y el desarrollo social},
	author={CEPAL, NU and others},
	year={2021},
	publisher={CEPAL}
}

@book{anuario2021,
	author    = {Oficina Nacional de Estadística e
	Información de la República de Cuba},
	title     = {Anuario Estadístico de Cuba 2021},
	publisher = {ONEI},
	year      = {2022}
}

@book{rhodes1996population,
  title={Population dynamics in ecological space and time},
  author={Rhodes, Olin E and Chesser, Ronald K and Smith, Michael H},
  volume={1},
  year={1996},
  publisher={University of Chicago Press}
}

@book{martcheva2015introduction,
	title={An introduction to mathematical epidemiology},
	author={Martcheva, Maia},
	volume={61},
	year={2015},
	publisher={Springer}
}

@book{ricard2022ecuaciones,
	title={Ecuaciones diferenciales ordinarias y aplicaciones},
	author={Ricard, Mariano Rodr{\'\i}guez},
	year={2022},
	publisher={Editorial Universitaria}
}

@article{barbosa2018human,
	title={Human mobility: Models and applications},
	author={Barbosa, Hugo and Barthelemy, Marc and Ghoshal, Gourab and James, Charlotte R and Lenormand, Maxime and Louail, Thomas and Menezes, Ronaldo and Ramasco, Jos{\'e} J and Simini, Filippo and Tomasini, Marcello},
	journal={Physics Reports},
	volume={734},
	pages={1--74},
	year={2018},
	publisher={Elsevier}
}

@article{cui2019influence,
	title={Influence of non-homogeneous mixing on final epidemic size in a meta-population model},
	author={Cui, Jingan and Zhang, Yanan and Feng, Zhilan},
	journal={Journal of biological dynamics},
	volume={13},
	number={sup1},
	pages={31--46},
	year={2019},
	publisher={Taylor \& Francis}
}

@article{saucedo2022host,
	title={Host movement, transmission hot spots, and vector-borne disease dynamics on spatial networks},
	author={Saucedo, Omar and Tien, Joseph H},
	journal={Infectious Disease Modelling},
	volume={7},
	number={4},
	pages={742--760},
	year={2022},
	publisher={Elsevier}
}

@article{vargas2022relating,
	title={Relating Eulerian and Lagrangian spatial models for vector-host disease dynamics through a fundamental matrix},
	author={Vargas Bernal, Esteban and Saucedo, Omar and Tien, Joseph Hua},
	journal={Journal of Mathematical Biology},
	volume={84},
	number={7},
	pages={57},
	year={2022},
	publisher={Springer}
}

@article{cosner2009effects,
	title={The effects of human movement on the persistence of vector-borne diseases},
	author={Cosner, Chris and Beier, John C and Cantrell, Robert Stephen and Impoinvil, D and Kapitanski, Lev and Potts, Matthew David and Troyo, A and Ruan, Shigui},
	journal={Journal of theoretical biology},
	volume={258},
	number={4},
	pages={550--560},
	year={2009},
	publisher={Elsevier}
}

@article{citron2021comparing,
	title={Comparing metapopulation dynamics of infectious diseases under different models of human movement},
	author={Citron, Daniel T and Guerra, Carlos A and Dolgert, Andrew J and Wu, Sean L and Henry, John M and S{\'a}nchez C, H{\'e}ctor M and Smith, David L},
	journal={Proceedings of the National Academy of Sciences},
	volume={118},
	number={18},
	pages={e2007488118},
	year={2021},
	publisher={National Acad Sciences}
}

@article{diazmodelos,
	title={Modelos {SIR} para el seguimiento de la COVID-19 en {Cuba}},
	author={D{\'\i}az, Ra{\'u}l Guinovart and Ugalde, Isidro A Abell{\'o} and Lezca, Wilfredo Morales and Bravo, Julian and Castillero, Reinaldo Rodr{\'\i}guez Ramos and Sanju{\'a}n, David Guinovart}
}

@article{abello2020modelo,
	title={El modelo SIR b{\'a}sico y pol{\'\i}ticas antiepid{\'e}micas de salud p{\'u}blica para la COVID-19 en Cuba},
	author={Abell{\'o} Ugalde, Isidro Alfredo and Guinovart D{\'\i}az, Ra{\'u}l and Morales Lezca, Wilfredo},
	journal={Revista Cubana de Salud P{\'u}blica},
	volume={46},
	number={suppl 1},
	pages={e2597},
	year={2020},
	publisher={SciELO Public Health}
}

@article{tanji2021improved,
	title={Improved noise cancelling algorithm for electrocardiogram based on moving average adaptive filter},
	author={Tanji Jr, Am{\'e}rico K and de Brito, Moacyr AG and Alves, Marcos G and Garcia, Raymundo C and Chen, Gen-Lang and Ama, Naji RN},
	journal={Electronics},
	volume={10},
	number={19},
	pages={2366},
	year={2021},
	publisher={MDPI}
}

@book{vaseghi2008advanced,
	title={Advanced digital signal processing and noise reduction},
	author={Vaseghi, Saeed V},
	year={2008},
	publisher={John Wiley \& Sons}
}

@article{noauthor_sir_2006,
	title = {The {SIR} model and the {Foundations} of {Public} {Health}},
	language = {en},
	number = {1},
	year = {2006},
	file = {2006 - The SIR model and the Foundations of Public Health.pdf:/home/lachi/snap/zotero-snap/common/Zotero/storage/67XLYCB5/2006 - The SIR model and the Foundations of Public Health.pdf:application/pdf},
}

@book{abell2018introductory,
	title={Introductory differential equations},
	author={Abell, Martha L and Braselton, James P},
	year={2018},
	publisher={Academic Press}
}


@misc{glosarioOPS,
	author = {Organización Mundial de la Salud, Organización Panamericana de la Salud},
	title = {COVID-19 GLOSARIO SOBRE BROTES Y EPIDEMIAS},
	year = {2020},
}

@book{rhodes1996population,
	title={Population dynamics in ecological space and time},
	author={Rhodes, Olin E and Chesser, Ronald K and Smith, Michael H},
	volume={1},
	year={1996},
	publisher={University of Chicago Press}
}

@book{burden_numerical_2016,
	address = {Boston, MA},
	edition = {Tenth},
	title = {Numerical analysis},
	isbn = {978-1-305-25366-7},
	language = {gl},
	publisher = {Cengage Learning},
	author = {Burden, Richard L. and Faires, J. Douglas and Burden, Annette M.},
	year = {2016},
	note = {OCLC: ocn898154569},
	keywords = {Numerical analysis},
	file = {Burden et al. - 2016 - Numerical analysis.pdf:/home/lachi/snap/zotero-snap/common/Zotero/storage/C897GCBD/Burden et al. - 2016 - Numerical analysis.pdf:application/pdf},
}


@book{stoer_introduction_2002,
	address = {New York, NY},
	series = {Texts in {Applied} {Mathematics}},
	title = {Introduction to {Numerical} {Analysis}},
	volume = {12},
	isbn = {978-1-4419-3006-4 978-0-387-21738-3},
	url = {https://link.springer.com/10.1007/978-0-387-21738-3},
	language = {en},
	urldate = {2023-12-30},
	publisher = {Springer},
	author = {Stoer, J. and Bulirsch, R.},
	editor = {Marsden, J. E. and Sirovich, L. and Golubitsky, M. and Antman, S. S.},
	year = {2002},
	doi = {10.1007/978-0-387-21738-3},
	file = {Stoer y Bulirsch - 2002 - Introduction to Numerical Analysis.pdf:/home/lachi/snap/zotero-snap/common/Zotero/storage/GNBC65HL/Stoer y Bulirsch - 2002 - Introduction to Numerical Analysis.pdf:application/pdf},
}

% Metaheurísticas

@article{storn1997differential,
	title={Differential evolution--a simple and efficient heuristic for global optimization over continuous spaces},
	author={Storn, Rainer and Price, Kenneth},
	journal={Journal of global optimization},
	volume={11},
	pages={341--359},
	year={1997},
	publisher={Springer}
}

@book{diferential-evolution-est,
	title =     {Differential evolution a practical approach to global optimization},
	author =    {Kenneth Price, Rainer M. Storn, Jouni A. Lampinen},
	publisher = {Springer},
	isbn =      {9783540209508; 3540209506},
	year =      {2005},
	series =    {Natural Computing Series},
	edition =   {1},
	url =       {libgen.li/file.php?md5=075363fe86981cb26dde261b885b0905}
}

@book{gendreau2010handbook,
	title={Handbook of metaheuristics},
	author={Gendreau, Michel and Potvin, Jean-Yves and others},
	volume={2},
	year={2010},
	publisher={Springer}
}

@article{ranganathan2004levenberg,
	title={The levenberg-marquardt algorithm},
	author={Ranganathan, Ananth},
	journal={Tutoral on LM algorithm},
	volume={11},
	number={1},
	pages={101--110},
	year={2004}
}

@inproceedings{eberhart2000comparing,
	title={Comparing inertia weights and constriction factors in particle swarm optimization},
	author={Eberhart, Russ C and Shi, Yuhui},
	booktitle={Proceedings of the 2000 congress on evolutionary computation. CEC00 (Cat. No. 00TH8512)},
	volume={1},
	pages={84--88},
	year={2000},
	organization={IEEE}
}

@article{aja2020covid,
	title={COVID-19, migraci{\'o}n externa y desplazamientos territoriales en Cuba, una mirada diferente a la poblaci{\'o}n residente en la capital del pa{\'\i}s},
	author={Aja D{\'\i}az, Antonio and Garc{\'\i}a, Arianna Rodr{\'\i}guez and Orbea L{\'o}pez, Marbelis},
	journal={Revista Novedades en Poblaci{\'o}n},
	volume={16},
	number={32},
	pages={46--83},
	year={2020},
	publisher={Editorial CEDEM}
}

% Ruido

@misc{hyndman2011moving,
	title={Moving Averages.},
	author={Hyndman, Rob J},
	year={2011}
}

% Paginas Webs

@misc{numbadocumentation,
	title = {Numba documentation},
	howpublished = "\url{https://numba.readthedocs.io/}",
	note = {Web; accedido 4 de Octubre de 2023},
}

@misc{scipy-optimization-documentation,
	title = "{Optimization and root finding (scipy.optimize)}",
	howpublished = "\url{https://docs.scipy.org/doc/scipy/reference/optimize.html}",
	note = {Web; accedido 29 de Octubre de 2023},
}

@misc{scipy-integrate-documentation,
	title = "{Integration and ODEs (scipy.integrate)}",
	howpublished = "\url{https://docs.scipy.org/doc/scipy/reference/integrate.html}",
	note = {Web; accedido 23 de Octubre de 2023},
}

@misc{numpy-documentation,
	title = "{NumPy documentation}",
	howpublished = "\url{https://numpy.org/doc/stable/}",
	note = {Web; accedido 13 de Noviembre de 2023},
}

@misc{python-documentation,
	title = "{Python 3.11.7 documentation}",
	howpublished = "\url{https://docs.python.org/3.11/}",
	note = {Web; accedido 30 de Noviembre de 2023},
}

@misc{cubadata-datos,
	title = "{Datos de Cuba de casos confirmados durante la Covid-19}",
	howpublished = "\url{https://covid19cubadata.github.io/data/covid19-cuba.json}",
	note = {Web; accedido 20 de Noviembre de 2023},
}

@misc{cubadata-articulo,
	title = "{12 Meses de Covid-19}",
	howpublished = "\url{https://covid19cubadata.github.io/12-meses-de-covid19/}",
	note = {Web; accedido 20 de Noviembre de 2023},
}

@misc{sko,
	title = "{Scikit-opt}",
	howpublished = "\url{https://scikit-opt.github.io/}",
	note = {Web; accedido 23 de Octubre de 2023},
}


